@book{dummy,
	AUTHOR="Max Mustermann",
	TITLE="Ein Beispieltitel",
	PUBLISHER="Ãœbertoller Verlag",
	YEAR=2000,
	ADDRESS="Wien"
}